@article{xie2003equivalence,
  title={Equivalence of backpropagation and contrastive Hebbian learning in a layered network},
  author={Xie, Xiong and Seung, H. Sebastian},
  journal={Neural Computation},
  volume={15},
  number={2},
  pages={441--454},
  year={2003},
  month={Feb},
  publisher={MIT Press},
  doi={10.1162/089976603762552988},
  pmid={12590814}
}

@article{Ovchinnikov_2016,
   title={Introduction to Supersymmetric Theory of Stochastics},
   volume={18},
   ISSN={1099-4300},
   url={http://dx.doi.org/10.3390/e18040108},
   DOI={10.3390/e18040108},
   number={4},
   journal={Entropy},
   publisher={MDPI AG},
   author={Ovchinnikov, Igor},
   year={2016},
   month=mar, pages={108}
}

@misc{ovchinnikov2021,
      title={Toward an Effective Theory of Neurodynamics: Topological Supersymmetry Breaking, Network Coarse-Graining, and Instanton Interaction}, 
      author={Igor V. Ovchinnikov and Skirmantas Janusonis},
      year={2021},
      eprint={2102.03849},
      archivePrefix={arXiv},
      primaryClass={q-bio.NC},
      url={https://arxiv.org/abs/2102.03849}, 
}

@article{Kagan2022,
  title = {In vitro neurons learn and exhibit sentience when embodied in a simulated game-world},
  author = {Brett J. Kagan and Andy C. Kitchen and Nhi T. Tran and Forough Habibollahi and Moein Khajehnejad and Bradyn J. Parker and Anjali Bhat and Ben Rollo and Adeel Razi and Karl J. Friston},
  year = {2022},
  journal = {Neuron},
  volume = {110},
  number = {23},
  pages = {3952--3969.e8},
  doi = {10.1016/j.neuron.2022.09.001},
  url = {https://doi.org/10.1016/j.neuron.2022.09.001},
  publisher = {Elsevier},
  issn = {0896-6273}
}

@article{Habibollahi2023,
  title = {Critical dynamics arise during structured information presentation within embodied in vitro neuronal networks},
  author = {Forough Habibollahi and Brett J. Kagan and Anthony N. Burkitt and others},
  year = {2023},
  journal = {Nature Communications},
  volume = {14},
  pages = {5287},
  doi = {10.1038/s41467-023-41020-3},
  url = {https://doi.org/10.1038/s41467-023-41020-3}
}

@article{Kagan2023,
  title = {The technology, opportunities, and challenges of Synthetic Biological Intelligence},
  author = {Brett J. Kagan and Christopher Gyngell and Tamra Lysaght and Victor M. Cole and Tsutomu Sawai and Julian Savulescu},
  year = {2023},
  journal = {Biotechnology Advances},
  volume = {68},
  pages = {108233},
  issn = {0734-9750},
  doi = {10.1016/j.biotechadv.2023.108233},
  url = {https://doi.org/10.1016/j.biotechadv.2023.108233}
}

@inproceedings{Habibollahi2022,
  title = {Biological Neurons vs Deep Reinforcement Learning: Sample efficiency in a simulated game-world},
  author = {Forough Habibollahi and Moein Khajehnejad and Anirudh Gaurav and Brett J. Kagan},
  year = {2022},
  booktitle = {NeurIPS 2022 Workshop on Learning Meaningful Representations of Life},
  url = {https://openreview.net/forum?id=...},
  note = {OpenReview}
}

@misc{openai2024gpt4technicalreport,
      title={GPT-4 Technical Report}, 
      author={OpenAI},
      year={2024},
      eprint={2303.08774},
      archivePrefix={arXiv},
      primaryClass={cs.CL},
      url={https://arxiv.org/abs/2303.08774}, 
}

@misc{dong2024surveyincontextlearning,
      title={A Survey on In-context Learning}, 
      author={Qingxiu Dong and Lei Li and Damai Dai and Ce Zheng and Jingyuan Ma and Rui Li and Heming Xia and Jingjing Xu and Zhiyong Wu and Baobao Chang and Xu Sun and Lei Li and Zhifang Sui},
      year={2024},
      eprint={2301.00234},
      archivePrefix={arXiv},
      primaryClass={cs.CL},
      url={https://arxiv.org/abs/2301.00234}, 
}
